@article{achlioptas2004threshold,
  title={The threshold for random k-{SAT} is $2^k \log 2 - O(k)$},
  author={Achlioptas, Dimitris and Peres, Yuval},
  journal={American Mathematical Society},
  year={2004}
}

@book{mezard2009information,
  title={Information, physics, and computation},
  author={Mezard, Marc and Montanari, Andrea},
  year={2009},
  publisher={Oxford University Press}
}

@article{mertens2006threshold,
  title={Threshold values of random k-{SAT} from the cavity method},
  author={Mertens, Stephan and M{\'e}zard, Marc and Zecchina, Riccardo},
  journal={Random Structures \& Algorithms},
  year={2006}
}

@inproceedings{achlioptas2008algorithmic,
  title={Algorithmic barriers from phase transitions},
  author={Achlioptas, Dimitris and Coja-Oghlan, Amin},
  booktitle={FOCS},
  year={2008}
}

@article{braunstein2005survey,
  title={Survey propagation: An algorithm for satisfiability},
  author={Braunstein, Alfredo and M{\'e}zard, Marc and Zecchina, Riccardo},
  journal={Random Structures \& Algorithms},
  year={2005}
}

@article{krzakala2012statistical,
  title={Statistical physics based reconstruction in compressed sensing},
  author={Krzakala, Florent and M{\'e}zard, Marc and Sausset, Fran{\c{c}}ois and Sun, YF and Zdeborov{\'a}, Lenka},
  journal={Physical Review X},
  year={2012}
}

@article{mezard2002random,
  title={Random k-satisfiability problem: From an analytic solution to an efficient algorithm},
  author={M{\'e}zard, Marc and Zecchina, Riccardo},
  journal={Physical Review E},
  year={2002}
 }

@inproceedings{achlioptas2002asymptotic,
  title={The asymptotic order of the random k-{SAT} threshold},
  author={Achlioptas, Dimitris and Moore, Cristopher},
  booktitle={FOCS},
  year={2002}
}

@article{montanari2007solving,
  title={Solving constraint satisfaction problems through belief propagation-guided decimation},
  author={Montanari, Andrea and Ricci-Tersenghi, Federico and Semerjian, Guilhem},
  journal={arXiv:0709.1667},
  year={2007}
}

@inproceedings{achlioptas2006solution,
  title={On the solution-space geometry of random constraint satisfaction problems},
  author={Achlioptas, Dimitris and Ricci-Tersenghi, Federico},
  booktitle={STOC},
  year={2006}
}
